@ARTICLE{deap2011, 
author={Koelstra, S. and Muhl, C. and Soleymani, M. and Jong-Seok Lee and Yazdani, A. and Ebrahimi, T. and Pun, T. and Nijholt, A. and Patras, I.}, 
journal={Affective Computing, IEEE Transactions on}, 
title={DEAP: A Database for Emotion Analysis ;Using Physiological Signals}, 
year={2012}, 
month={Jan}, 
volume={3}, 
number={1}, 
pages={18-31}, 
keywords={Web sites;electroencephalography;emotion recognition;image classification;information retrieval;multimedia computing;neurophysiology;state estimation;video signal processing;DEAP;EEG signal frequencies;Web site;arousal;decision fusion;dominance;electroencephalogram;emotion analysis;familiarity;frontal face video;human affective states;multimedia content analysis;multimodal data set;music videos;online assessment tool;peripheral physiological signals;single-trial classification;state estimation methods;stimuli selection;video highlight detection;Databases;Electroencephalography;Face;Motion pictures;Multimedia communication;Videos;Visualization;EEG;Emotion classification;affective computing.;pattern classification;physiological signals;signal processing}, 
doi={10.1109/T-AFFC.2011.15}, 
ISSN={1949-3045},}

@INPROCEEDINGS{takahashi2004, 
author={Takahashi, K.}, 
booktitle={Industrial Technology, 2004. IEEE ICIT '04. 2004 IEEE International Conference on}, 
title={Remarks on emotion recognition from multi-modal bio-potential signals}, 
year={2004}, 
month={Dec}, 
volume={3}, 
pages={1138-1143 Vol. 3}, 
keywords={emotion recognition;medical signal processing;neural nets;physiological models;psychology;support vector machines;SVM;emotion classifier;emotion recognition;multimodal biopotential signals;multimodal sensors;support vector machines;Artificial neural networks;Electroencephalography;Emotion recognition;Face recognition;Humans;Skin;Speech recognition;Support vector machine classification;Support vector machines;Testing}, 
doi={10.1109/ICIT.2004.1490720},}